% Encoding: UTF-8

@Article{DBLP:journals/corr/Graham14a,
  author =    {Benjamin Graham},
  title =     {Fractional Max-Pooling},
  journal =   {CoRR},
  year =      {2014},
  volume =    {abs/1412.6071},
  bibsource = {dblp computer science bibliography, http://dblp.org},
  biburl =    {http://dblp.uni-trier.de/rec/bib/journals/corr/Graham14a},
  timestamp = {Thu, 01 Jan 2015 19:51:08 +0100},
  url =       {http://arxiv.org/abs/1412.6071}
}

@inproceedings{coates2011analysis,
    title={An analysis of single-layer networks in unsupervised feature learning},
    author={Coates, Adam and Ng, Andrew Y and Lee, Honglak},
    booktitle={International conference on artificial intelligence and statistics},
    pages={215--223},
    year={2011}
}
